%% This BibTeX bibliography file was created using BibDesk.
%% http://bibdesk.sourceforge.net/


%% Created for Lauro Cesar Araujo at 2015-04-27 19:43:45 -0300 

%% Saved with string encoding Unicode (UTF-8) 

@article{virtanen2020scipy,
  title={SciPy 1.0: fundamental algorithms for scientific computing in Python},
  author={Virtanen, Pauli and Gommers, Ralf and Oliphant, Travis E and Haberland, Matt and Reddy, Tyler and Cournapeau, David and Burovski, Evgeni and Peterson, Pearu and Weckesser, Warren and Bright, Jonathan and others},
  journal={Nature methods},
  volume={17},
  number={3},
  pages={261--272},
  year={2020},
  publisher={Nature Publishing Group}
}

@article{cote2005porous,
  title={Porous, crystalline, covalent organic frameworks},
  author={Cote, Adrien P and Benin, Annabelle I and Ockwig, Nathan W and O{\'}keeffe, Michael and Matzger, Adam J and Yaghi, Omar M},
  journal={science},
  volume={310},
  number={5751},
  pages={1166--1170},
  year={2005},
  publisher={American Association for the Advancement of Science}
}

@article{furukawa2009storage,
  title={Storage of hydrogen, methane, and carbon dioxide in highly porous covalent organic frameworks for clean energy applications},
  author={Furukawa, Hiroyasu and Yaghi, Omar M},
  journal={Journal of the American Chemical Society},
  volume={131},
  number={25},
  pages={8875--8883},
  year={2009},
  publisher={ACS Publications}
}

@article{gonccalves2016heterogeneous,
  title={Heterogeneous Catalysis by Covalent Organic Frameworks ({COF}): Pd({OA}c)\textsubscript{2}@{COF}-300 in Cross-Coupling Reactions},
  author={Gon{\c{c}}alves, Raoni SB and de Oliveira, Alline BV and Sindra, Haryadylla C and Archanjo, Br{\'a}ulio S and Mendoza, Mart{\'\i}n E and Carneiro, Leonardo SA and Buarque, Camilla D and Esteves, Pierre M},
  journal={ChemCatChem},
  volume={8},
  number={4},
  pages={743--750},
  year={2016},
  publisher={Wiley Online Library}
}

@article{freitas2017thermal,
  title={Thermal Conductivity of Covalent Organic Frameworks as a Function of Their Pore Size},
  author={Freitas, Sunny KS and Borges, Raquel S and Merlini, Claudia and Barra, Guilherme MO and Esteves, Pierre M},
  journal={The Journal of Physical Chemistry C},
  volume={121},
  number={48},
  pages={27247--27252},
  year={2017},
  publisher={ACS Publications}
}

@article{ding2013covalent,
  title={Covalent organic frameworks ({COF}s): from design to applications},
  author={Ding, San-Yuan and Wang, Wei},
  journal={Chemical Society Reviews},
  volume={42},
  number={2},
  pages={548--568},
  year={2013},
  publisher={Royal Society of Chemistry}
}

@article{morris2008gas,
  title={Gas storage in nanoporous materials},
  author={Morris, Russell E and Wheatley, Paul S},
  journal={Angewandte Chemie International Edition},
  volume={47},
  number={27},
  pages={4966--4981},
  year={2008},
  publisher={Wiley Online Library}
}

@article{rouquerol1994recommendations,
  title={Recommendations for the characterization of porous solids (Technical Report)},
  author={Rouquerol, J and Avnir, D and Fairbridge, CW and Everett, DH and Haynes, JM and Pernicone, N and Ramsay, JDF and Sing, KSW and Unger, KK},
  journal={Pure and Applied Chemistry},
  volume={66},
  number={8},
  pages={1739--1758},
  year={1994},
  publisher={De Gruyter}
}

@article{sevilla2011high,
  title={High density hydrogen storage in superactivated carbons from hydrothermally carbonized renewable organic materials},
  author={Sevilla, M and Fuertes, Antonio B and Mokaya, Robert},
  journal={Energy \& Environmental Science},
  volume={4},
  number={4},
  pages={1400--1410},
  year={2011},
  publisher={Royal Society of Chemistry}
}

@article{blankenship2017cigarette,
  title={Cigarette butt-derived carbons have ultra-high surface area and unprecedented hydrogen storage capacity},
  author={Blankenship, Troy Scott and Mokaya, Robert},
  journal={Energy \& Environmental Science},
  volume={10},
  number={12},
  pages={2552--2562},
  year={2017},
  publisher={Royal Society of Chemistry}
}

@article{yang2007enhanced,
  title={Enhanced hydrogen storage capacity of high surface area zeolite-like carbon materials},
  author={Yang, Zhuxian and Xia, Yongde and Mokaya, Robert},
  journal={Journal of the American Chemical Society},
  volume={129},
  number={6},
  pages={1673--1679},
  year={2007},
  publisher={ACS Publications}
}

@article{giannozzi2017advanced,
  title={Advanced capabilities for materials modelling with Quantum ESPRESSO},
  author={Giannozzi, P and Andreussi, Oliviero and Brumme, T and Bunau, O and Nardelli, M Buongiorno and Calandra, M and Car, R and Cavazzoni, C and Ceresoli, D and Cococcioni, M and others},
  journal={Journal of Physics: Condensed Matter},
  volume={29},
  number={46},
  pages={465901},
  year={2017},
  publisher={IOP Publishing}
}

@article{kohn1965self,
  title={Self-consistent equations including exchange and correlation effects},
  author={Kohn, Walter and Sham, Lu Jeu},
  journal={Physical review},
  volume={140},
  number={4A},
  pages={A1133},
  year={1965},
  publisher={APS}
}


@article{grimme2006semiempirical,
  title={Semiempirical GGA-type density functional constructed with a long-range dispersion correction},
  author={Grimme, Stefan},
  journal={Journal of computational chemistry},
  volume={27},
  number={15},
  pages={1787--1799},
  year={2006},
  publisher={Wiley Online Library}
}

@misc{allen1990computer,
  title={Computer simulation of liquids Oxford Science},
  author={Allen, M and Tildesley, D},
  year={1990},
  publisher={London}
}

@article{potoff2001vapor,
  title={Vapor--liquid equilibria of mixtures containing alkanes, carbon dioxide, and nitrogen},
  author={Potoff, Jeffrey J and Siepmann, J Ilja},
  journal={AIChE journal},
  volume={47},
  number={7},
  pages={1676--1682},
  year={2001},
  publisher={Wiley Online Library}
}

@article{rappe1992uff,
  title={UFF, a full periodic table force field for molecular mechanics and molecular dynamics simulations},
  author={Rapp{\'e}, Anthony K and Casewit, Carla J and Colwell, KS and Goddard III, William A and Skiff, WM},
  journal={Journal of the American chemical society},
  volume={114},
  number={25},
  pages={10024--10035},
  year={1992},
  publisher={ACS Publications}
}

@article{bradford1976rapid,
  title={A rapid and sensitive method for the quantitation of microgram quantities of protein utilizing the principle of protein-dye binding},
  author={Bradford, Marion M},
  journal={Analytical biochemistry},
  volume={72},
  number={1-2},
  pages={248--254},
  year={1976},
  publisher={Elsevier}
}

@misc{zhou2012introduction,
  title={Introduction to metal--organic frameworks},
  author={Zhou, Hong-Cai and Long, Jeffrey R and Yaghi, Omar M},
  year={2012},
  publisher={ACS Publications}
}

@article{rigotto2014pesticide,
  title={Pesticide use in Brazil and problems for public health},
  author={Rigotto, Raquel Maria and Vasconcelos, Dayse Paix{\~a}o and Rocha, Mayara Melo},
  journal={Cadernos de saude publica},
  volume={30},
  pages={1360--1362},
  year={2014},
  publisher={SciELO Public Health}
}

@book{lewis2015pesticide,
  title={The pesticide problem: an economic approach to public policy},
  author={Lewis, JN},
  year={2015},
  publisher={Routledge}
}

@book{howse2013insect,
  title={Insect pheromones and their use in pest management},
  author={Howse, Philip and Stevens, JM and Jones, Owen T},
  year={2013},
  publisher={Springer Science \& Business Media}
}

@article{witzgall2010sex,
  title={Sex pheromones and their impact on pest management},
  author={Witzgall, Peter and Kirsch, Philipp and Cork, Alan},
  journal={Journal of chemical ecology},
  volume={36},
  number={1},
  pages={80--100},
  year={2010},
  publisher={Springer}
}

@article{el2006potential,
  title={Potential of mass trapping for long-term pest management and eradication of invasive species},
  author={El-Sayed, AM and Suckling, DM and Wearing, CH and Byers, JA},
  journal={Journal of economic entomology},
  volume={99},
  number={5},
  pages={1550--1564},
  year={2006},
  publisher={Oxford University Press Oxford, UK}
}

@article{moreno2016single,
  title={Single-Layered Hybrid Materials Based on 1D Associated Metalorganic Nanoribbons for Controlled Release of Pheromones},
  author={Moreno, Jos{\'e} Mar{\'\i}a and Navarro, Ismael and D{\'\i}az, Urbano and Primo, Jaime and Corma, Avelino},
  journal={Angewandte Chemie},
  volume={128},
  number={37},
  pages={11192--11196},
  year={2016},
  publisher={Wiley Online Library}
}

@article{yoon2017sustainable,
  title={Sustainable delivery of a sex pheromone with an ester wax to disrupt Grapholita molesta mating},
  author={Yoon, Ji Young and Yang, Chang Yeol and Kim, Jong-Duk},
  journal={Macromolecular Research},
  volume={25},
  number={4},
  pages={374--380},
  year={2017},
  publisher={Springer}
}

@article{tomaszewska2005evaluation,
  title={Evaluation of pheromone release from commercial mating disruption dispensers},
  author={Tomaszewska, Elizabeth and Hebert, Vincent R and Brunner, Jay F and Jones, Vincent P and Doerr, Mike and Hilton, Richard},
  journal={Journal of agricultural and food chemistry},
  volume={53},
  number={7},
  pages={2399--2405},
  year={2005},
  publisher={ACS Publications}
}

@article{stipanovic2004microparticle,
  title={Microparticle dispensers for the controlled release of insect pheromones},
  author={Stipanovic, Arthur J and Hennessy, Patrick J and Webster, Francis X and Takahashi, Yae},
  journal={Journal of agricultural and food chemistry},
  volume={52},
  number={8},
  pages={2301--2308},
  year={2004},
  publisher={ACS Publications}
}

@article{munoz2001zeolites,
  title={Zeolites as pheromone dispensers},
  author={Munoz-Pallares, J and Corma, A and Primo, J and Primo-Yufera, E},
  journal={Journal of agricultural and food chemistry},
  volume={49},
  number={10},
  pages={4801--4807},
  year={2001},
  publisher={ACS Publications}
}

@article{atterholt1998study,
  title={Study of biopolymers and paraffin as potential controlled-release carriers for insect pheromones},
  author={Atterholt, CA and Delwiche, MJ and Rice, RE and Krochta, JM},
  journal={Journal of agricultural and food chemistry},
  volume={46},
  number={10},
  pages={4429--4434},
  year={1998},
  publisher={ACS Publications}
}

@article{slodowicz2017physicochemical,
  title={Physicochemical Properties and Field Evaluation of Monolithic Wax Formulations for the Controlled Release of a Forest Pest Pheromone},
  author={Slodowicz, Mariel P and Ceriani-Nakamurakare, Esteban and Carmar{\'a}n, Cecilia and Gonz{\'a}lez-Audino, Paola A},
  journal={Journal of the Brazilian Chemical Society},
  volume={28},
  number={2},
  pages={348--359},
  year={2017},
  publisher={SciELO Brasil}
}

@inproceedings{thomas1927calculation,
  title={The calculation of atomic fields},
  author={Thomas, Llewellyn H},
  booktitle={Mathematical Proceedings of the Cambridge Philosophical Society},
  volume={23},
  number={5},
  pages={542--548},
  year={1927},
  organization={Cambridge University Press}
}

@article{fermi1928statistische,
  title={Eine statistische Methode zur Bestimmung einiger Eigenschaften des Atoms und ihre Anwendung auf die Theorie des periodischen Systems der Elemente},
  author={Fermi, Enrico},
  journal={Zeitschrift f{\"u}r Physik},
  volume={48},
  number={1-2},
  pages={73--79},
  year={1928},
  publisher={Springer}
}

@article{fermi1926quantelung,
	title={Zur Quantelung des idealen einatomigen Gases},
	author={Fermi, Enrico},
	journal={Zeitschrift f{\"u}r Physik},
	volume={36},
	number={11-12},
	pages={902--912},
	year={1926},
	publisher={Springer}
}

@article{kaufman1972accurate,
  title={Accurate ground-term combinations in Ne i},
  author={Kaufman, Victor and Minnhagen, Lennart},
  journal={JOSA},
  volume={62},
  number={1},
  pages={92--95},
  year={1972},
  publisher={Optical Society of America}
}

@article{hanwell2012avogadro,
  title={Avogadro: an advanced semantic chemical editor, visualization, and analysis platform},
  author={Hanwell, Marcus D and Curtis, Donald E and Lonie, David C and Vandermeersch, Tim and Zurek, Eva and Hutchison, Geoffrey R},
  journal={Journal of cheminformatics},
  volume={4},
  number={1},
  pages={17},
  year={2012},
  publisher={Nature Publishing Group}
}

@book{szabo2012modern,
  title={Modern quantum chemistry: introduction to advanced electronic structure theory},
  author={Szabo, Attila and Ostlund, Neil S},
  year={2012},
  publisher={Courier Corporation}
}

@book{jensen2017introduction,
  title={Introduction to computational chemistry},
  author={Jensen, Frank},
  year={2017},
  publisher={John wiley \& sons}
}

@book{levine2000quantum,
  title={Quantum chemistry},
  author={Levine, Ira N and Busch, Daryle H and Shull, Harrison},
  volume={5},
  year={2000},
  publisher={Prentice Hall Upper Saddle River, NJ}
}

@misc{planck1914warmestrahlung,
	title={W{\'a}rmestrahlung (The Theory of Heat Radiation, M. Masius, Trans.(English Transl.))},
	author={Planck, M},
	year={1914},
	publisher={Dover Publ., NY}
}

@article{einstein1905heuristic,
	title={On a heuristic point of view about the creation and conversion of light},
	author={Einstein, Albert},
	journal={Annalen der Physik},
	volume={17},
	number={6},
	pages={132--148},
	year={1905}
}

@article{broglie1923waves,
	title={Waves and quanta},
	author={Broglie, L de},
	journal={Nature},
	volume={112},
	number={2815},
	pages={540},
	year={1923}
}

@book{dirac1981principles,
	title={The principles of quantum mechanics},
	author={Dirac, Paul Adrien Maurice},
	number={27},
	year={1981},
	publisher={Oxford university press}
}

@article{born1927quantentheorie,
	title={Zur quantentheorie der molekeln},
	author={Born, Max and Oppenheimer, Robert},
	journal={Annalen der physik},
	volume={389},
	number={20},
	pages={457--484},
	year={1927},
	publisher={Wiley Online Library}
}

@article{hohenberg1964inhomogeneous,
	title={Inhomogeneous electron gas},
	author={Hohenberg, Pierre and Kohn, Walter},
	journal={Physical review},
	volume={136},
	number={3B},
	pages={B864},
	year={1964},
	publisher={APS}
}

@book{martin2004electronic,
	title={Electronic structure: basic theory and practical methods},
	author={Martin, Richard M},
	year={2004},
	publisher={Cambridge university press}
}

@article{giannozzi2009quantum,
	author = {Paolo Giannozzi and Stefano Baroni and Nicola Bonini and Matteo Calandra and Roberto Car
 and Carlo Cavazzoni and Davide Ceresoli and Guido L Chiarotti and Matteo Cococcioni and Ismaila Dabo
 and Andrea {Dal Corso} and Stefano de Gironcoli and Stefano Fabris and Guido Fratesi and Ralph Gebauer
 and Uwe Gerstmann and Christos Gougoussis and Anton Kokalj and Michele Lazzeri and Layla Martin-Samos
 and Nicola Marzari and Francesco Mauri and Riccardo Mazzarello and Stefano Paolini and Alfredo Pasquarello
 and Lorenzo Paulatto and Carlo Sbraccia and Sandro Scandolo and Gabriele Sclauzero and Ari P Seitsonen
 and Alexander Smogunov and Paolo Umari and Renata M Wentzcovitch},
	journal = {Journal of Physics: Condensed Matter},
	number = {39},
	pages = {395502 (19pp)},
	title = {QUANTUM ESPRESSO: a modular and open-source software project for quantum simulations of materials},
	url = {http://www.quantum-espresso.org},
	volume = {21},
	year = {2009}}

@misc{g16,
author={M. J. Frisch and G. W. Trucks and H. B. Schlegel and G. E. Scuseria and M. A. Robb and J. R. Cheeseman and G. Scalmani and V. Barone and G. A. Petersson and H. Nakatsuji and X. Li and M. Caricato and A. V. Marenich and J. Bloino and B. G. Janesko and R. Gomperts and B. Mennucci and H. P. Hratchian and J. V. Ortiz and A. F. Izmaylov and J. L. Sonnenberg and D. Williams-Young and F. Ding and F. Lipparini and F. Egidi and J. Goings and B. Peng and A. Petrone and T. Henderson and D. Ranasinghe and V. G. Zakrzewski and J. Gao and N. Rega and G. Zheng and W. Liang and M. Hada and M. Ehara and K. Toyota and R. Fukuda and J. Hasegawa and M. Ishida and T. Nakajima and Y. Honda and O. Kitao and H. Nakai and T. Vreven and K. Throssell and Montgomery, {Jr.}, J. A. and J. E. Peralta and F. Ogliaro and M. J. Bearpark and J. J. Heyd and E. N. Brothers and K. N. Kudin and V. N. Staroverov and T. A. Keith and R. Kobayashi and J. Normand and K. Raghavachari and A. P. Rendell and J. C. Burant and S. S. Iyengar and J. Tomasi and M. Cossi and J. M. Millam and M. Klene and C. Adamo and R. Cammi and J. W. Ochterski and R. L. Martin and K. Morokuma and O. Farkas and J. B. Foresman and D. J. Fox},
title={Gaussian16 {R}evision {A}.03},
year={2016},
note={Gaussian Inc. Wallingford CT}
}

@misc{gv6,
author={Roy Dennington and Todd A. Keith and John M. Millam},
title={GaussView {V}ersion {6}},
note={Semichem Inc. Shawnee Mission KS},
year={2016}
}

@article{llewellyn2007bet,
  title={Is the BET equation applicable to microporous adsorbents?},
  author={Llewellyn, PL and Rodriquez-Reinoso, F and Rouqerol, J and Seaton, N},
  journal={Studies in surface science and catalysis},
  volume={160},
  pages={49},
  year={2007}
}

@article{brunauer1938s,
  title={Adsorption of Gases in Multimolecular Layers},
  author={Brunauer, S and Emmett, PH and Teller, E},
  journal={J. Am. Chem. Soc.},
  volume={60},
  pages={309},
  year={1938}
}

@article{setyawan2010high,
  title={High-throughput electronic band structure calculations: Challenges and tools},
  author={Setyawan, Wahyu and Curtarolo, Stefano},
  journal={Computational materials science},
  volume={49},
  number={2},
  pages={299--312},
  year={2010},
  publisher={Elsevier}
}


@article{sheng2011t,
  title={T-carbon: a novel carbon allotrope},
  author={Sheng, Xian-Lei and Yan, Qing-Bo and Ye, Fei and Zheng, Qing-Rong and Su, Gang},
  journal={Physical review letters},
  volume={106},
  number={15},
  pages={155703},
  year={2011},
  publisher={APS}
}

@article{li2014modulated,
  title={Modulated T carbon-like carbon allotropes: an ab initio study},
  author={Li, Da and Tian, Fubo and Duan, Defang and Zhao, Zhonglong and Liu, Yunxian and Chu, Binhua and Sha, Xiaojing and Wang, Lu and Liu, Bingbing and Cui, Tian},
  journal={RSC Advances},
  volume={4},
  number={33},
  pages={17364--17369},
  year={2014},
  publisher={Royal Society of Chemistry}
}


@article{lonsdale1929structure,
	title={The structure of the benzene ring in C6 (CH3) 6},
	author={Lonsdale, Kathleen},
	journal={Proceedings of the Royal Society of London. Series A, Containing Papers of a Mathematical and Physical Character},
	volume={123},
	number={792},
	pages={494--515},
	year={1929},
	publisher={The Royal Society London}
}

@article{furthmuller1994ab,
  title={Ab initio calculation of the structural and electronic properties of carbon and boron nitride using ultrasoft pseudopotentials},
  author={Furthm{\"u}ller, J and Hafner, J and Kresse, G},
  journal={Physical review B},
  volume={50},
  number={21},
  pages={15606},
  year={1994},
  publisher={APS}
}

@article{billups1991spiropentadiene,
  title={Spiropentadiene},
  author={Billups, WE and Haley, Michael M},
  journal={Journal of the American Chemical Society},
  volume={113},
  number={13},
  pages={5084--5085},
  year={1991},
  publisher={ACS Publications}
}

@article{zavitsas2003relation,
  title={The relation between bond lengths and dissociation energies of carbon- carbon bonds},
  author={Zavitsas, Andreas A},
  journal={The Journal of Physical Chemistry A},
  volume={107},
  number={6},
  pages={897--898},
  year={2003},
  publisher={ACS Publications}
}

@article{lide1962survey,
  title={A survey of carbon-carbon bond lengths},
  author={Lide Jr, David R},
  journal={Tetrahedron},
  volume={17},
  number={3-4},
  pages={125--134},
  year={1962},
  publisher={Elsevier}
}

@article{warren1967lattice,
	title={Lattice dynamics of diamond},
	author={Warren, JL and Yarnell, JL and Dolling, G and Cowley, RA},
	journal={Physical Review},
	volume={158},
	number={3},
	pages={805},
	year={1967},
	publisher={APS}
}

@article{hirsch2010era,
  title={The era of carbon allotropes},
  author={Hirsch, Andreas},
  journal={Nature materials},
  volume={9},
  number={11},
  pages={868},
  year={2010},
  publisher={Nature Publishing Group}
}

@book{mcnaught1997compendium,
  title={Compendium of chemical terminology},
  author={McNaught, Alan D and Wilkinson, Andrew},
  volume={1669},
  year={1997},
  publisher={Blackwell Science Oxford}
}

@article{hoffmann2016homo,
  title={Homo citans and carbon allotropes: for an ethics of citation},
  author={Hoffmann, Roald and Kabanov, Artyom A and Golov, Andrey A and Proserpio, Davide M},
  journal={Angewandte Chemie International Edition},
  volume={55},
  number={37},
  pages={10962--10976},
  year={2016},
  publisher={Wiley Online Library}
}

@article{costa2018n,
  title={n-Diamondynes: Expanding the family of carbon allotropes},
  author={Costa, Deyse G and Henrique, F{\'a}bio JFS and Oliveira, Felipe L and Capaz, Rodrigo B and Esteves, Pierre M},
  journal={Carbon},
  volume={136},
  pages={337--344},
  year={2018},
  publisher={Elsevier}
}


@article{esteves2005neutral,
  title={Neutral structures with a planar tetracoordinated carbon based on spiropentadiene analogues},
  author={Esteves, Pierre M and Ferreira, Narciso BP and Corr{\^e}a, Rodrigo J},
  journal={Journal of the American Chemical Society},
  volume={127},
  number={24},
  pages={8680--8685},
  year={2005},
  publisher={ACS Publications}
}


@article{mouhat2014necessary,
  title={Necessary and sufficient elastic stability conditions in various crystal systems},
  author={Mouhat, F{\'e}lix and Coudert, Fran{\c{c}}ois-Xavier},
  journal={Physical Review B},
  volume={90},
  number={22},
  pages={224104},
  year={2014},
  publisher={APS}
}


@inproceedings{born1940stability,
  title={On the stability of crystal lattices. I},
  author={Born, Max},
  booktitle={Mathematical Proceedings of the Cambridge Philosophical Society},
  volume={36},
  number={2},
  pages={160--172},
  year={1940},
  organization={Cambridge University Press}
}


@article{ortiz2012anisotropic,
  title={Anisotropic elastic properties of flexible metal-organic frameworks: how soft are soft porous crystals?},
  author={Ortiz, Aur{\'e}lie U and Boutin, Anne and Fuchs, Alain H and Coudert, Fran{\c{c}}ois-Xavier},
  journal={Physical review letters},
  volume={109},
  number={19},
  pages={195502},
  year={2012},
  publisher={APS}
}

@article{chen2011modeling,
  title={Modeling hardness of polycrystalline materials and bulk metallic glasses},
  author={Chen, Xing-Qiu and Niu, Haiyang and Li, Dianzhong and Li, Yiyi},
  journal={Intermetallics},
  volume={19},
  number={9},
  pages={1275--1281},
  year={2011},
  publisher={Elsevier}
}

@article{kim2008stretchable,
  title={Stretchable electronics: materials strategies and devices},
  author={Kim, Dae-Hyeong and Rogers, John A},
  journal={Advanced Materials},
  volume={20},
  number={24},
  pages={4887--4892},
  year={2008},
  publisher={Wiley Online Library}
}

@article{marques2006magnetic,
  title={Magnetic response and NMR spectra of carbon nanotubes from ab initio calculations},
  author={Marques, Miguel AL and d’Avezac, Mayeul and Mauri, Francesco},
  journal={Physical Review B},
  volume={73},
  number={12},
  pages={125433},
  year={2006},
  publisher={APS}
}

@article{varini2013enhancement,
  title={Enhancement of DFT-calculations at petascale: Nuclear Magnetic Resonance, Hybrid Density Functional Theory and Car--Parrinello calculations},
  author={Varini, Nicola and Ceresoli, Davide and Martin-Samos, Layla and Girotto, Ivan and Cavazzoni, Carlo},
  journal={Computer Physics Communications},
  volume={184},
  number={8},
  pages={1827--1833},
  year={2013},
  publisher={Elsevier}
}

@article{jo2012carbon,
  title={Carbon allotropes with triple bond predicted by first-principle calculation: Triple bond modified diamond and T-carbon},
  author={Jo, Jun Young and Kim, Bog G},
  journal={Physical Review B},
  volume={86},
  number={7},
  pages={075151},
  year={2012},
  publisher={APS}
}

@article{zhang2017pseudo,
  title={Pseudo-topotactic conversion of carbon nanotubes to T-carbon nanowires under picosecond laser irradiation in methanol},
  author={Zhang, Jinying and Wang, Rui and Zhu, Xi and Pan, Aifei and Han, Chenxiao and Li, Xin and Zhao, Dan and Ma, Chuansheng and Wang, Wenjun and Su, Haibin and others},
  journal={Nature communications},
  volume={8},
  number={1},
  pages={683},
  year={2017},
  publisher={Nature Publishing Group}
}


@book{bradley2010mathematical,
  title={The mathematical theory of symmetry in solids: representation theory for point groups and space groups},
  author={Bradley, Christopher and Cracknell, Arthur},
  year={2010},
  publisher={Oxford University Press}
}

@article{thommes2015physisorption,
  title={Physisorption of gases, with special reference to the evaluation of surface area and pore size distribution (IUPAC Technical Report)},
  author={Thommes, Matthias and Kaneko, Katsumi and Neimark, Alexander V and Olivier, James P and Rodriguez-Reinoso, Francisco and Rouquerol, Jean and Sing, Kenneth SW},
  journal={Pure and Applied Chemistry},
  volume={87},
  number={9-10},
  pages={1051--1069},
  year={2015},
  publisher={De Gruyter}
}

@book{khachaturyan2013theory,
  title={Theory of structural transformations in solids},
  author={Khachaturyan, Armen G},
  year={2013},
  publisher={Courier Corporation}
}

@book{wallace1998thermodynamics,
  title={Thermodynamics of crystals},
  author={Wallace, Duane C},
  year={1998},
  publisher={Courier Corporation}
}

@article{wong2006exceptional,
  title={Exceptional H2 saturation uptake in microporous metal- organic frameworks},
  author={Wong-Foy, Antek G and Matzger, Adam J and Yaghi, Omar M},
  journal={Journal of the American Chemical Society},
  volume={128},
  number={11},
  pages={3494--3495},
  year={2006},
  publisher={ACS Publications}
}

@article{rappe1990optimized,
  title={Optimized pseudopotentials},
  author={Rappe, Andrew M and Rabe, Karin M and Kaxiras, Efthimios and Joannopoulos, JD},
  journal={Physical Review B},
  volume={41},
  number={2},
  pages={1227},
  year={1990},
  publisher={APS}
}

@article{QE-2017,
	author={P Giannozzi and O Andreussi and T Brumme and O Bunau and M Buongiorno Nardelli
	and M Calandra and R Car and C Cavazzoni and D Ceresoli and M Cococcioni and N Colonna
	and I Carnimeo and A Dal Corso and S de Gironcoli and P Delugas and R A DiStasio Jr and A Ferretti
	and A Floris and G Fratesi and G Fugallo and R Gebauer and U Gerstmann and F Giustino and T Gorni
	and J Jia and M Kawamura and H-Y Ko and A Kokalj and E Küçükbenli and M Lazzeri and M Marsili
	and N Marzari and F Mauri and N L Nguyen and H-V Nguyen and A Otero-de-la-Roza and L Paulatto
	and S Poncé and D Rocca and R Sabatini and B Santra and M Schlipf and A P Seitsonen
	and A Smogunov and I Timrov and T Thonhauser and P Umari and N Vast and X Wu and S Baroni},
	title={Advanced capabilities for materials modelling with Quantum ESPRESSO},
	journal={Journal of Physics: Condensed Matter},
	volume={29},
	number={46},
	pages={465901},
	url={http://stacks.iop.org/0953-8984/29/i=46/a=465901},
	year={2017},
}

@article{perdew1996generalized,
	title={Generalized gradient approximation made simple},
	author={Perdew, John P and Burke, Kieron and Ernzerhof, Matthias},
	journal={Physical review letters},
	volume={77},
	number={18},
	pages={3865},
	year={1996},
	publisher={APS}
}

@article{grimme2010consistent,
	title={A consistent and accurate ab initio parametrization of density functional dispersion correction (DFT-D) for the 94 elements H-Pu},
	author={Grimme, Stefan and Antony, Jens and Ehrlich, Stephan and Krieg, Helge},
	journal={The Journal of chemical physics},
	volume={132},
	number={15},
	pages={154104},
	year={2010},
	publisher={AIP}
}

@article{monkhorst1976special,
	title={Special points for Brillouin-zone integrations},
	author={Monkhorst, Hendrik J and Pack, James D},
	journal={Physical review B},
	volume={13},
	number={12},
	pages={5188},
	year={1976},
	publisher={APS}
}

@article{vanderbilt1990soft,
	title={Soft self-consistent pseudopotentials in a generalized eigenvalue formalism},
	author={Vanderbilt, David},
	journal={Physical Review B},
	volume={41},
	number={11},
	pages={7892},
	year={1990},
	publisher={APS}
}

@article{kokalj1999xcrysden,
	title={XCrySDen—a new program for displaying crystalline structures and electron densities},
	author={Kokalj, Anton},
	journal={Journal of Molecular Graphics and Modelling},
	volume={17},
	number={3-4},
	pages={176--179},
	year={1999},
	publisher={Elsevier}
}

@article{dubbeldam2016raspa,
	title={RASPA: molecular simulation software for adsorption and diffusion in flexible nanoporous materials},
	author={Dubbeldam, David and Calero, Sof{\'\i}a and Ellis, Donald E and Snurr, Randall Q},
	journal={Molecular Simulation},
	volume={42},
	number={2},
	pages={81--101},
	year={2016},
	publisher={Taylor \& Francis}
}

@article{willems2012algorithms,
	title={Algorithms and tools for high-throughput geometry-based analysis of crystalline porous materials},
	author={Willems, Thomas F and Rycroft, Chris H and Kazi, Michaeel and Meza, Juan C and Haranczyk, Maciej},
	journal={Microporous and Mesoporous Materials},
	volume={149},
	number={1},
	pages={134--141},
	year={2012},
	publisher={Elsevier}
}

@article{kriegner2013xrayutilities,
	title={xrayutilities: a versatile tool for reciprocal space conversion of scattering data recorded with linear and area detectors},
	author={Kriegner, Dominik and Wintersberger, Eugen and Stangl, Julian},
	journal={Journal of applied crystallography},
	volume={46},
	number={4},
	pages={1162--1170},
	year={2013},
	publisher={International Union of Crystallography}
}


@article{hanfland1989graphite,
	title={Graphite under pressure: Equation of state and first-order Raman modes},
	author={Hanfland, M and Beister, H and Syassen, K},
	journal={Physical Review B},
	volume={39},
	number={17},
	pages={12598},
	year={1989},
	publisher={APS}
}

@article{surratt1973hartree,
	title={Hartree-Fock Lattice Constant and Bulk Modulus of Diamond},
	author={Surratt, GT and Euwema, RN and Wilhite, DL},
	journal={Physical Review B},
	volume={8},
	number={8},
	pages={4019},
	year={1973},
	publisher={APS}
}

@article{su1979solitons,
	title={Solitons in polyacetylene},
	author={Su, W\_P and Schrieffer, JR and Heeger, Ao J},
	journal={Physical Review Letters},
	volume={42},
	number={25},
	pages={1698},
	year={1979},
	publisher={APS}
}

@article{zhang2019art,
	title={The art of designing carbon allotropes},
	author={Zhang, Run-Sen and Jiang, Jin-Wu},
	journal={Frontiers of Physics},
	volume={14},
	number={1},
	pages={13401},
	year={2019},
	publisher={Springer}
}

@book{fedorov2013theory,
	title={Theory of elastic waves in crystals},
	author={Fedorov, Fedor I},
	year={2013},
	publisher={Springer Science \& Business Media}
}

@article{gaillac2016elate,
	title={ELATE: an open-source online application for analysis and visualization of elastic tensors},
	author={Gaillac, Romain and Pullumbi, Pluton and Coudert, Fran{\c{c}}ois-Xavier},
	journal={Journal of Physics: Condensed Matter},
	volume={28},
	number={27},
	pages={275201},
	year={2016},
	publisher={IOP Publishing} ,
	url={http://progs.coudert.name/elate}
}

@article{jameson1987gas,
	title={Gas-phase 13C chemical shifts in the zero-pressure limit: refinements to the absolute shielding scale for 13C},
	author={Jameson, A Keith and Jameson, Cynthia J},
	journal={Chemical physics letters},
	volume={134},
	number={5},
	pages={461--466},
	year={1987},
	publisher={Elsevier}
}

@online{pseudourl,
	title = {Quantum ESPRESSO PSlibrary},
	url = {https://www.quantum-espresso.org/pseudopotentials},
	urldate = {2018-10-02}
}

@article{baroni2001phonons,
	title={Phonons and related crystal properties from density-functional perturbation theory},
	author={Baroni, Stefano and De Gironcoli, Stefano and Dal Corso, Andrea and Giannozzi, Paolo},
	journal={Reviews of Modern Physics},
	volume={73},
	pages={515},
	year={2001},
	publisher={APS}
}

@article{pfrommer1997relaxation,
	title={Relaxation of crystals with the quasi-Newton method},
	author={Pfrommer, Bernd G and C{\^o}t{\'e}, Michel and Louie, Steven G and Cohen, Marvin L},
	journal={Journal of Computational Physics},
	volume={131},
	number={1},
	pages={233--240},
	year={1997},
	publisher={Elsevier}
}

@article{dong2013ab,
	title={An ab initio study on the transition paths from graphite to diamond under pressure},
	author={Dong, Xiao and Zhou, Xiang-Feng and Qian, Guang-Rui and Zhao, Zhisheng and Tian, Yongjun and Wang, Hui-Tian},
	journal={Journal of Physics: Condensed Matter},
	volume={25},
	number={14},
	pages={145402},
	year={2013},
	publisher={IOP Publishing}
}

@article{pross1983qualitative,
	title={A qualitative valence-bond approach to organic reactivity},
	author={Pross, Addy and Shaik, Sason S},
	journal={Accounts of Chemical Research},
	volume={16},
	number={10},
	pages={363--370},
	year={1983},
	publisher={ACS Publications}
}

@incollection{pross1985general,
	title={A general approach to organic reactivity: The configuration mixing model},
	author={Pross, Addy},
	booktitle={Advances in physical organic chemistry},
	volume={21},
	pages={99--196},
	year={1985},
	publisher={Elsevier}
}

@book{pross1995theoretical,
	title={Theoretical and physical principles of organic reactivity},
	author={Pross, Addy and others},
	year={1995},
	publisher={Wiley}
}
@book{peierls1996quantum,
	title={Quantum theory of solids},
	author={Peierls, Rudolf Ernst},
	year={1996},
	publisher={Clarendon Press}
}

@article{suhai1983bond,
	title={Bond alternation in infinite polyene: Peierls distortion reduced by electron correlation},
	author={Suhai, S{\'a}ndor},
	journal={Chemical Physics Letters},
	volume={96},
	number={6},
	pages={619--625},
	year={1983},
	publisher={Elsevier}
}

@article{chien1982estimate,
	title={An estimate of bond length alternation in trans-polyacetylene},
	author={Chien, James CW and Karasz, FE and Shimamura, K},
	journal={Die Makromolekulare Chemie, Rapid Communications},
	volume={3},
	number={10},
	pages={655--659},
	year={1982},
	publisher={Wiley Online Library}
}

@book{chien2012polyacetylene,
	title={Polyacetylene: chemistry, physics, and material science},
	author={Chien, James CW},
	year={2012},
	publisher={Elsevier}
}

@article{whangbo1979conjugated,
	title={Conjugated one and two dimensional polymers},
	author={Whangbo, Myung-Hwan and Hoffmann, Roald and Woodward, Robert Burns},
	journal={Proceedings of the Royal Society of London. A. Mathematical and Physical Sciences},
	volume={366},
	number={1724},
	pages={23--46},
	year={1979},
	publisher={The Royal Society London}
}

@article{savin1992electron,
	title={Electron localization in solid-state structures of the elements: the diamond structure},
	author={Savin, Andreas and Jepsen, Ove and Flad, J{\"u}rgen and Andersen, Ole Krogh and Preuss, Heinzwerner and von Schnering, Hans Georg},
	journal={Angewandte Chemie International Edition in English},
	volume={31},
	number={2},
	pages={187--188},
	year={1992},
	publisher={Wiley Online Library}
}

@article{baughman1982structural,
	title={Structural basis for semiconducting and metallic polymer dopant systems},
	author={Baughman, RH and Bredas, JL and Chance, RR and Elsenbaumer, RL and Shacklette, LW},
	journal={Chemical Reviews},
	volume={82},
	number={2},
	pages={209--222},
	year={1982},
	publisher={ACS Publications}
}

@article{roth1987solitons,
	title={Solitons in polyacetylene},
	author={Roth, Siegmar and Bleier, Hartmut},
	journal={Advances in Physics},
	volume={36},
	number={4},
	pages={385--462},
	year={1987},
	publisher={Taylor \& Francis}
}

@article{yannoni1983molecular,
	title={Molecular Geometry of cis-and trans-Polyacetylene by Nutation NMR Spectroscopy},
	author={Yannoni, CS and Clarke, TC},
	journal={Physical review letters},
	volume={51},
	number={13},
	pages={1191},
	year={1983},
	publisher={APS}
}

@inproceedings{dirac1930note,
	title={Note on exchange phenomena in the Thomas atom},
	author={Dirac, Paul AM},
	booktitle={Mathematical Proceedings of the Cambridge Philosophical Society},
	volume={26},
	number={3},
	pages={376--385},
	year={1930},
	organization={Cambridge University Press}
}

@book{heiserman1991exploring,
	title={Exploring chemical elements and their compounds},
	author={Heiserman, David},
	year={1991},
	publisher={McGraw-Hill}
}

@misc{lascaux,
	author = {Prof saxx},
	title = {Photography of Lascaux animal painting},
	year = {Creative Commons CC BY-NC-SA 3.0, Acessado em 08 de agosto de 2019}, 
	howpublished = "\url{https://commons.wikimedia.org/wiki/File:Lascaux\_painting.jpg}"}

@book{anslyn2006modern,
	title={Modern physical organic chemistry},
	author={Anslyn, Eric V and Dougherty, Dennis A},
	year={2006},
	publisher={University science books}
}

@article{leroi1982archaeology,
	title={The archaeology of Lascaux cave},
	author={Leroi-Gourhan, Arlette},
	journal={Scientific American},
	volume={246},
	number={6},
	pages={104--113},
	year={1982},
	publisher={JSTOR}
}

@article{leroi1979datations,
	title={Les datations de Lascaux in Lascaux inconnu.},
	author={Leroi-Gourhan, Ar and EVIN, Jacques},
	journal={Suppl{\'e}ment {\`a} Gallia Pr{\'e}histoire Paris},
	volume={12},
	pages={81--84},
	year={1979}
}

@article{bahn1994lascaux,
	title={Lascaux: composition or accumulation?},
	author={Bahn, Paul G},
	journal={Zephyrus: Revista de prehistoria y arqueolog{\'\i}a},
	number={47},
	pages={3--13},
	year={1994},
	publisher={Departamento de Prehistoria, H{\textordfeminine} Antigua y Arqueolog{\'\i}a}
}

@article{kroto1985c60,
	title={C60: Buckminsterfullerene},
	author={Kroto, Harold W and Heath, James R and O'Brien, Sean C and Curl, Robert F and Smalley, Richard E},
	journal={Nature},
	volume={318},
	number={6042},
	pages={162},
	year={1985},
	publisher={Nature Publishing Group}
}

@article{iijima1991helical,
	title={Helical microtubules of graphitic carbon},
	author={Iijima, Sumio},
	journal={Nature},
	volume={354},
	number={6348},
	pages={56},
	year={1991},
	publisher={Nature Publishing Group}
}

@article{novoselov2004electric,
	title={Electric field effect in atomically thin carbon films},
	author={Novoselov, Kostya S and Geim, Andre K and Morozov, Sergei V and Jiang, D and Zhang, Y\_ and Dubonos, Sergey V and Grigorieva, Irina V and Firsov, Alexandr A},
	journal={science},
	volume={306},
	number={5696},
	pages={666--669},
	year={2004},
	publisher={American Association for the Advancement of Science}
}

@article{gerstner2010nobel,
	title={Nobel prize 2010: Andre geim \& konstantin novoselov},
	author={Gerstner, Ed},
	journal={Nature Physics},
	volume={6},
	number={11},
	pages={836},
	year={2010},
	publisher={Nature Publishing Group}
}
@article{taylor1992third,
	title={The Third Form of Carbon A New Era in Chemistry},
	author={Taylor, Roger},
	journal={Interdisciplinary Science Reviews},
	volume={17},
	number={2},
	pages={161--170},
	year={1992},
	publisher={Taylor \& Francis}
}


@article{neto2010carbon,
	title={The carbon new age},
	author={Neto, Antonio H Castro},
	journal={Materials Today},
	volume={13},
	number={3},
	pages={12--17},
	year={2010},
	publisher={Elsevier}
}

@article{frohs2000carbon,
	title={Carbon, 3. Graphite},
	author={Frohs, Wilhelm and von Sturm, Ferdinand and Wege, Erhard and Nutsch, Gabriele and Handl, Werner},
	journal={Ullmann's Encyclopedia of Industrial Chemistry},
	year={2000},
	publisher={Wiley Online Library}
}

@article{prato199760,
	title={[60] Fullerene chemistry for materials science applications},
	author={Prato, Maurizio},
	journal={Journal of Materials Chemistry},
	volume={7},
	number={7},
	pages={1097--1109},
	year={1997},
	publisher={Royal Society of Chemistry}
}

@book{burchell1999carbon,
	title={Carbon materials for advanced technologies},
	author={Burchell, Timothy D},
	year={1999},
	publisher={Elsevier}
}

@article{pauling1931nature,
	title={The nature of the chemical bond. Application of results obtained from the quantum mechanics and from a theory of paramagnetic susceptibility to the structure of molecules},
	author={Pauling, Linus},
	journal={Journal of the American Chemical Society},
	volume={53},
	number={4},
	pages={1367--1400},
	year={1931},
	publisher={ACS Publications}
}

@article{hom1975accurate,
	title={Accurate lattice constants from multiple reflection measurements. II. Lattice constants of germanium silicon, and diamond},
	author={Hom, T and Kiszenik, W and Post, B},
	journal={Journal of Applied Crystallography},
	volume={8},
	number={4},
	pages={457--458},
	year={1975},
	publisher={International Union of Crystallography}
}

@article{xie1999high,
	title={High-pressure thermal expansion, bulk modulus, and phonon structure of diamond},
	author={Xie, Jianjun and Chen, SP and Tse, JS and de Gironcoli, Stefano and Baroni, Stefano},
	journal={Physical Review B},
	volume={60},
	number={13},
	pages={9444},
	year={1999},
	publisher={APS}
}

@article{mcskimin1972elastic,
	title={The elastic stiffness moduli of diamond},
	author={McSkimin, HJ and Andreatch Jr, P and Glynn, P},
	journal={Journal of Applied Physics},
	volume={43},
	number={3},
	pages={985--987},
	year={1972},
	publisher={AIP}
}

@book{pierson2012handbook,
	title={Handbook of carbon, graphite, diamonds and fullerenes: processing, properties and applications},
	author={Pierson, Hugh O},
	year={2012},
	publisher={William Andrew}
}

@article{cartigny2014diamond,
	title={Diamond formation: a stable isotope perspective},
	author={Cartigny, Pierre and Palot, M{\'e}d{\'e}ric and Thomassot, Emilie and Harris, Jeff W},
	journal={Annual Review of Earth and Planetary Sciences},
	volume={42},
	pages={699--732},
	year={2014},
	publisher={Annual Reviews}
}

@article{yin1981ground,
	title={Ground-state properties of diamond},
	author={Yin, MT and Cohen, Marvin L},
	journal={Physical Review B},
	volume={24},
	number={10},
	pages={6121},
	year={1981},
	publisher={APS}
}

@article{macdonald1969review,
	title={Review of some experimental and analytical equations of state},
	author={Macdonald, J Ross},
	journal={Reviews of Modern Physics},
	volume={41},
	number={2},
	pages={316},
	year={1969},
	publisher={APS}
}

@article{jones2001scipy,
	title={SciPy: Open source scientific tools for Python},
	author={Jones, Eric and Oliphant, Travis and Peterson, Pearu and others},
	year={2001},
	publisher={https://www. scipy. org}
}


@article{mounet2005first,
	title={First-principles determination of the structural, vibrational and thermodynamic properties of diamond, graphite, and derivatives},
	author={Mounet, Nicolas and Marzari, Nicola},
	journal={Physical Review B},
	volume={71},
	number={20},
	pages={205214},
	year={2005},
	publisher={APS}
}

@article{heyd2003hybrid,
	title={Hybrid functionals based on a screened Coulomb potential},
	author={Heyd, Jochen and Scuseria, Gustavo E and Ernzerhof, Matthias},
	journal={The Journal of chemical physics},
	volume={118},
	number={18},
	pages={8207--8215},
	year={2003},
	publisher={AIP}
}

@book{graphite1963strucutre,
	title={Crystal Structures 1},
    author={Wyckoff R W G},
	year={1968},
	publisher={Second edition. Interscience Publishers, New York, New York}
}

@article{hoffmann1983hypothetical,
	title={Hypothetical metallic allotrope of carbon},
	author={Hoffmann, Roald and Hughbanks, Timothy and Kertesz, Miklos and Bird, Peter H},
	journal={Journal of the American Chemical Society},
	volume={105},
	number={14},
	pages={4831--4832},
	year={1983},
	publisher={ACS Publications}
}

@article{o2008reticular,
	title={The reticular chemistry structure resource (RCSR) database of, and symbols for, crystal nets},
	author={O’Keeffe, Michael and Peskov, Maxim A and Ramsden, Stuart J and Yaghi, Omar M},
	journal={Accounts of chemical research},
	volume={41},
	number={12},
	pages={1782--1789},
	year={2008},
	publisher={ACS Publications}
}

@article{gibson194687,
	title={87. Amorphous carbon},
	author={Gibson, J and Holohan, M and Riley, HL},
	journal={Journal of the Chemical Society (Resumed)},
	pages={456--461},
	year={1946},
	publisher={Royal Society of Chemistry}
}

@article{riley1950chemical,
	title={Chemical and crystallographic factors in carbon combustion},
	author={Riley, HL},
	journal={Journal de Chimie Physique},
	volume={47},
	pages={565--572},
	year={1950},
	publisher={EDP Sciences}
}

@article{johnston1989superdense,
	title={Superdense Carbon, C8: Supercubane or Analogue of 7-Si?},
	author={Johnston, Roy L and Hoffmann, Roald},
	journal={J. Am. Chem. Soc. Ill},
	volume={810},
	year={1989}
}

@article{bucknum1994hypothetical,
	title={A hypothetical dense 3, 4-connected carbon net and related B2C and CN2 nets built from 1, 4-cyclohexadienoid units},
	author={Bucknum, Michael J and Hoffmann, Roald},
	journal={Journal of the American Chemical Society},
	volume={116},
	number={25},
	pages={11456--11464},
	year={1994},
	publisher={ACS Publications}
}

@incollection{balaban1989carbon,
	title={Carbon and its nets},
	author={Balaban, AT},
	booktitle={Symmetry 2},
	pages={397--416},
	year={1989},
	publisher={Elsevier}
}

@article{diederich1992synthetic,
	title={Synthetic approaches toward molecular and polymeric carbon allotropes},
	author={Diederich, Fran{\c{c}}ois and Rubin, Yves},
	journal={Angewandte Chemie International Edition in English},
	volume={31},
	number={9},
	pages={1101--1123},
	year={1992},
	publisher={Wiley Online Library}
}

@article{diederich1994carbon,
	title={Carbon scaffolding: building acetylenic all-carbon and carbon-rich compounds},
	author={Diederich, Fran{\c{c}}ois},
	journal={Nature},
	volume={369},
	number={6477},
	pages={199},
	year={1994},
	publisher={Nature Publishing Group}
}

@article{diederich1994synthetic,
	title={Synthetic Routes to the Cyclo [n] carbons},
	author={Diederich, Fran{\c{c}}ois and Rubin, Yves and Chapman, Orville L and Goroff, Nancy S},
	journal={Helvetica chimica acta},
	volume={77},
	number={5},
	pages={1441--1457},
	year={1994},
	publisher={Wiley Online Library}
}

@article{kaiser2019sp,
	title={An sp-hybridized molecular carbon allotrope, cyclo [18] carbon},
	author={Kaiser, Katharina and Scriven, Lorel M and Schulz, Fabian and Gawel, Przemyslaw and Gross, Leo and Anderson, Harry L},
	journal={Science},
	volume={365},
	number={6459},
	pages={1299--1301},
	year={2019},
	publisher={American Association for the Advancement of Science}
}

@book{nelson2008lehninger,
	title={Lehninger principles of biochemistry},
	author={Nelson, David L and Lehninger, Albert L and Cox, Michael M},
	year={2008},
	publisher={Macmillan}
}

@article{johansson1966spectrum,
	title={Spectrum and Term System of Neutral Carbon Atom},
	author={Johansson, L},
	journal={Arkiv for Fysik},
	volume={31},
	number={3},
	pages={201--+},
	year={1966},
	publisher={ROYAL SWEDISH ACAD SCIENCES BOX 50005, S-104 05 STOCKHOLM, SWEDEN}
}

@article{morgan1980chemical,
	title={Chemical composition of earth, Venus, and Mercury},
	author={Morgan, John W and Anders, Edward},
	journal={Proceedings of the National Academy of Sciences},
	volume={77},
	number={12},
	pages={6973--6977},
	year={1980},
	publisher={National Acad Sciences}
}

@article{baughman1987structure,
	title={Structure-property predictions for new planar forms of carbon: Layered phases containing sp$^2$ and sp atoms},
	author={Baughman, RH and Eckhardt, H and Kertesz, M},
	journal={The Journal of chemical physics},
	volume={87},
	number={11},
	pages={6687--6699},
	year={1987},
	publisher={AIP}
}

@article{li2010architecture,
	title={Architecture of graphdiyne nanoscale films},
	author={Li, Guoxing and Li, Yuliang and Liu, Huibiao and Guo, Yanbing and Li, Yongjun and Zhu, Daoben},
	journal={Chemical Communications},
	volume={46},
	number={19},
	pages={3256--3258},
	year={2010},
	publisher={Royal Society of Chemistry}
}

@article{balaban1968chemical,
	title={Chemical graphs. 6. Estimation of relative stability of several planar and tridimensional lattices for elementary carbon},
	author={Balaban, AT and Rentia, Co C and Ciupitu, E},
	journal={Revue Roumaine de Chimie},
	volume={13},
	number={2},
	pages={231--+},
	year={1968},
	publisher={EDITURA ACADEMIEI ROMANE CALEA 13 SEPTEMBRIE 13, SECTOR 5, BUCHAREST RO~…}
}

@article{kim2012graphyne,
	title={Graphyne: Hexagonal network of carbon with versatile Dirac cones},
	author={Kim, Bog G and Choi, Hyoung Joon},
	journal={Physical Review B},
	volume={86},
	number={11},
	pages={115435},
	year={2012},
	publisher={APS}
}

@article{malko2012competition,
	title={Competition for graphene: graphynes with direction-dependent dirac cones},
	author={Malko, Daniel and Neiss, Christian and Vines, Francesc and G{\"o}rling, Andreas},
	journal={Physical review letters},
	volume={108},
	number={8},
	pages={086804},
	year={2012},
	publisher={APS}
}

@article{andrievski2001superhard,
	title={Superhard materials based on nanostructured high-melting point compounds: achievements and perspectives},
	author={Andrievski, RA},
	journal={International Journal of Refractory Metals and Hard Materials},
	volume={19},
	number={4-6},
	pages={447--452},
	year={2001},
	publisher={Elsevier}
}

@article{li2009superhard,
	title={Superhard monoclinic polymorph of carbon},
	author={Li, Quan and Ma, Yanming and Oganov, Artem R and Wang, Hongbo and Wang, Hui and Xu, Ying and Cui, Tian and Mao, Ho-Kwang and Zou, Guangtian},
	journal={Physical review letters},
	volume={102},
	number={17},
	pages={175506},
	year={2009},
	publisher={APS}
}

@article{oganov2006crystal,
	title={Crystal structure prediction using ab initio evolutionary techniques: Principles and applications},
	author={Oganov, Artem R and Glass, Colin W},
	journal={The Journal of chemical physics},
	volume={124},
	number={24},
	pages={244704},
	year={2006},
	publisher={AIP}
}

@article{vsimuunek2006hardness,
	title={Hardness of covalent and ionic crystals: first-principle calculations},
	author={Šimůnek, Antonín, and Jiří Vackář},
	journal={Physical review letters},
	volume={96},
	number={8},
	pages={085501},
	year={2006},
	publisher={APS}
}

@article{umemoto2010body,
	title={Body-Centered Tetragonal C$_4$: A Viable sp$^3$ Carbon Allotrope},
	author={Umemoto, Koichiro and Wentzcovitch, Renata M and Saito, Susumu and Miyake, Takashi},
	journal={Physical review letters},
	volume={104},
	number={12},
	pages={125504},
	year={2010},
	publisher={APS}
}

@article{zhao2011novel,
	title={Novel superhard carbon: C-centered orthorhombic C$_8$},
	author={Zhao, Zhisheng and Xu, Bo and Zhou, Xiang-Feng and Wang, Li-Min and Wen, Bin and He, Julong and Liu, Zhongyuan and Wang, Hui-Tian and Tian, Yongjun},
	journal={Physical review letters},
	volume={107},
	number={21},
	pages={215502},
	year={2011},
	publisher={APS}
}

@article{wang2011low,
	title={Low-Temperature Phase Transformation from Graphite to s p 3 Orthorhombic Carbon},
	author={Wang, Jian-Tao and Chen, Changfeng and Kawazoe, Yoshiyuki},
	journal={Physical Review Letters},
	volume={106},
	number={7},
	pages={075501},
	year={2011},
	publisher={APS}
}

@article{tian2012superhard,
	title={Superhard F-carbon predicted by ab initio particle-swarm optimization methodology},
	author={Tian, Fei and Dong, Xiao and Zhao, Zhisheng and He, Julong and Wang, Hui-Tian},
	journal={Journal of Physics: Condensed Matter},
	volume={24},
	number={16},
	pages={165504},
	year={2012},
	publisher={IOP Publishing}
}

@article{niu2012families,
	title={Families of superhard crystalline carbon allotropes constructed via cold compression of graphite and nanotubes},
	author={Niu, Haiyang and Chen, Xing-Qiu and Wang, Shibing and Li, Dianzhong and Mao, Wendy L and Li, Yiyi},
	journal={Physical review letters},
	volume={108},
	number={13},
	pages={135501},
	year={2012},
	publisher={APS}
}

@article{balaban2013expanded,
	title={Expanded Carbon Lattices and Congener Hydrocarbons with directionally Inserted Triple Bonds},
	author={Balaban, Alexandru T},
	journal={Open Chemical Physics Journal},
	volume={5},
	pages={1--10},
	year={2013}
}

@article{wyckoff1963crystal,
	title={Crystal structures 1 (7--83)},
	author={Wyckoff, RWG},
	journal={American Mineralogist Crystal Structure Database},
	year={1963}
}

@book{greenwood2012chemistry,
	title={Chemistry of the Elements},
	author={Greenwood, Norman Neill and Earnshaw, Alan},
	year={2012},
	publisher={Elsevier}
}

@article{benedict1998microscopic,
	title={Microscopic determination of the interlayer binding energy in graphite},
	author={Benedict, Lorin X and Chopra, Nasreen G and Cohen, Marvin L and Zettl, A and Louie, Steven G and Crespi, Vincent H},
	journal={Chemical Physics Letters},
	volume={286},
	number={5-6},
	pages={490--496},
	year={1998},
	publisher={Elsevier}
}

@article{zhong2017three,
	title={Three-dimensional Pentagon Carbon with a genesis of emergent fermions},
	author={Zhong, Chengyong and Chen, Yuanping and Yu, Zhi-Ming and Xie, Yuee and Wang, Han and Yang, Shengyuan A and Zhang, Shengbai},
	journal={Nature communications},
	volume={8},
	pages={15641},
	year={2017},
	publisher={Nature Publishing Group}
}

@article{hanneman1967hexagonal,
	title={Hexagonal diamonds in meteorites: implications},
	author={Hanneman, RE and Strong, HM and Bundy, FP},
	journal={Science},
	volume={155},
	number={3765},
	pages={995--997},
	year={1967},
	publisher={American Association for the Advancement of Science}
}

@article{frondel1967lonsdaleite,
	title={Lonsdaleite, a hexagonal polymorph of diamond},
	author={Frondel, Clifford and Marvin, Ursula B},
	journal={Nature},
	volume={214},
	number={5088},
	pages={587--589},
	year={1967},
	publisher={Nature Publishing Group}
}

@article{grimsditch1975brillouin,
	title={Brillouin scattering in diamond},
	author={Grimsditch, MH and Ramdas, AK},
	journal={Physical Review B},
	volume={11},
	number={8},
	pages={3139},
	year={1975},
	publisher={APS}
}

@article{bundy1967hexagonal,
	title={Hexagonal diamond—a new form of carbon},
	author={Bundy, FP and Kasper, JS},
	journal={The Journal of Chemical Physics},
	volume={46},
	number={9},
	pages={3437--3446},
	year={1967},
	publisher={American Institute of Physics}
}

@article{misra2006hexagonal,
	title={Hexagonal diamond synthesis on h-Ga N strained films},
	author={Misra, Abha and Tyagi, Pawan K and Yadav, Brajesh S and Rai, P and Misra, DS and Pancholi, Vivek and Samajdar, ID},
	journal={Applied physics letters},
	volume={89},
	number={7},
	pages={071911},
	year={2006},
	publisher={American Institute of Physics}
}

@article{kao1978ab,
	title={An ab initio molecular orbital study of structures and energies of spiro compounds: spiropentane, spiropentene, spiropentadiene, spiro [2.4] hepta-4, 6-diene, spiro [2.4] heptatriene, and spiro [4.4] nonatetraene},
	author={Kao, James and Radom, Leo},
	journal={Journal of the American Chemical Society},
	volume={100},
	number={3},
	pages={760--767},
	year={1978},
	publisher={ACS Publications}
}

@article{shavitt1991ab,
	title={Ab initio study of spiropentadiene, C5H4},
	author={Shavitt, Isaiah and Ewing, David W and Del Bene, Janet E},
	journal={Journal of the American Chemical Society},
	volume={113},
	number={24},
	pages={9389--9391},
	year={1991},
	publisher={ACS Publications}
}

@article{hunter2007matplotlib,
	title={Matplotlib: A 2D graphics environment},
	author={Hunter, John D},
	journal={Computing in science \& engineering},
	volume={9},
	number={3},
	pages={90--95},
	year={2007},
	publisher={IEEE Computer Society}
}

@article{momma2011vesta,
	title={VESTA 3 for three-dimensional visualization of crystal, volumetric and morphology data},
	author={Momma, Koichi and Izumi, Fujio},
	journal={Journal of applied crystallography},
	volume={44},
	number={6},
	pages={1272--1276},
	year={2011},
	publisher={International Union of Crystallography}
}

@article{dodziuk2001theoretical,
	title={Theoretical study of spiropentane, spiropentene and spiropentadiene},
	author={Dodziuk, Helena and Leszczynski, Jerzy and Jackowski, Karol},
	journal={Tetrahedron},
	volume={57},
	number={26},
	pages={5509--5513},
	year={2001},
	publisher={Elsevier}
}

@article{pan2009harder,
	title={Harder than diamond: superior indentation strength of wurtzite BN and lonsdaleite},
	author={Pan, Zicheng and Sun, Hong and Zhang, Yi and Chen, Changfeng},
	journal={Physical review letters},
	volume={102},
	number={5},
	pages={055503},
	year={2009},
	publisher={APS}
}

@article{fayos1999possible,
	title={Possible 3D carbon structures as progressive intermediates in graphite to diamond phase transition},
	author={Fayos, Jos{\'e}},
	journal={Journal of Solid State Chemistry},
	volume={148},
	number={2},
	pages={278--285},
	year={1999},
	publisher={San Diego, Calif.: Academic Press, 1969-}
}

@article{nemeth2014lonsdaleite,
	title={Lonsdaleite is faulted and twinned cubic diamond and does not exist as a discrete material},
	author={N{\'e}meth, P{\'e}ter and Garvie, Laurence AJ and Aoki, Toshihiro and Dubrovinskaia, Natalia and Dubrovinsky, Leonid and Buseck, Peter R},
	journal={Nature Communications},
	volume={5},
	number={1},
	pages={1--5},
	year={2014},
	publisher={Nature Publishing Group}
}

@article{kraus2016nanosecond,
	title={Nanosecond formation of diamond and lonsdaleite by shock compression of graphite},
	author={Kraus, Dominik and Ravasio, A and Gauthier, M and Gericke, DO and Vorberger, J and Frydrych, S and Helfrich, J and Fletcher, LB and Schaumann, G and Nagler, B and others},
	journal={Nature communications},
	volume={7},
	number={1},
	pages={1--6},
	year={2016},
	publisher={Nature Publishing Group}
}

@article{perdew2008restoring,
	title={Restoring the density-gradient expansion for exchange in solids and surfaces},
	author={Perdew, John P and Ruzsinszky, Adrienn and Csonka, G{\'a}bor I and Vydrov, Oleg A and Scuseria, Gustavo E and Constantin, Lucian A and Zhou, Xiaolan and Burke, Kieron},
	journal={Physical review letters},
	volume={100},
	number={13},
	pages={136406},
	year={2008},
	publisher={APS}
}

@misc{perdew1991electronic,
	title={Electronic structure of solids’ 91},
	author={Perdew, John P and Ziesche, P and Eschrig, H},
	year={1991},
	publisher={Akademie Verlag, Berlin},
	page={11}
}

@article{perdew1986accurate,
	title={Accurate and simple density functional for the electronic exchange energy: Generalized gradient approximation},
	author={Perdew, John P and Yue, Wang},
	journal={Physical review B},
	volume={33},
	number={12},
	pages={8800},
	year={1986},
	publisher={APS}
}

@article{lee1988development,
	title={Development of the Colle-Salvetti correlation-energy formula into a functional of the electron density},
	author={Lee, Chengteh and Yang, Weitao and Parr, Robert G},
	journal={Physical review B},
	volume={37},
	number={2},
	pages={785},
	year={1988},
	publisher={APS}
}

@article{becke1988density,
	title={Density-functional exchange-energy approximation with correct asymptotic behavior},
	author={Becke, Axel D},
	journal={Physical review A},
	volume={38},
	number={6},
	pages={3098},
	year={1988},
	publisher={APS}
}

@article{valentine2017hybrid,
	title={Hybrid 3D printing of soft electronics},
	author={Valentine, Alexander D and Busbee, Travis A and Boley, John William and Raney, Jordan R and Chortos, Alex and Kotikian, Arda and Berrigan, John Daniel and Durstock, Michael F and Lewis, Jennifer A},
	journal={advanced Materials},
	volume={29},
	number={40},
	pages={1703817},
	year={2017},
	publisher={Wiley Online Library}
}

@article{gong2017one,
	title={One-dimensional nanomaterials for soft electronics},
	author={Gong, Shu and Cheng, Wenlong},
	journal={Advanced Electronic Materials},
	volume={3},
	number={3},
	pages={1600314},
	year={2017},
	publisher={Wiley Online Library}
}

@article{macrae2006mercury,
	title={Mercury: visualization and analysis of crystal structures},
	author={Macrae, Clare F and Edgington, Paul R and McCabe, Patrick and Pidcock, Elna and Shields, Greg P and Taylor, Robin and Towler, Matthew and Streek, JVD},
	journal={Journal of Applied Crystallography},
	volume={39},
	number={3},
	pages={453--457},
	year={2006},
	publisher={International Union of Crystallography}
}


@article{nisar2012semiconducting,
	title={Semiconducting allotrope of graphene},
	author={Nisar, Jawad and Jiang, Xue and Pathak, Biswarup and Zhao, Jijun and Kang, Tae Won and Ahuja, Rajeev},
	journal={Nanotechnology},
	volume={23},
	number={38},
	pages={385704},
	year={2012},
	publisher={IOP Publishing}
}

@article{hu2013compressed,
	title={Compressed carbon nanotubes: a family of new multifunctional carbon allotropes},
	author={Hu, Meng and Zhao, Zhisheng and Tian, Fei and Oganov, Artem R and Wang, Qianqian and Xiong, Mei and Fan, Changzeng and Wen, Bin and He, Julong and Yu, Dongli and others},
	journal={Scientific reports},
	volume={3},
	pages={1331},
	year={2013},
	publisher={Nature Publishing Group}
}

@article{fedik2020can,
	title={Can aromaticity be a kinetic trap? Example of mechanically interlocked aromatic [2-5] catenanes built from cyclo [18] carbon},
	author={Fedik, Nikita and Kulichenko, Maksim and Steglenko, Dmitriy and Boldyrev, Alexander I},
	journal={Chemical Communications},
	year={2020},
	publisher={Royal Society of Chemistry}
}

@article{xu2020preparation,
	title={Preparation of T-carbon by plasma enhanced chemical vapor deposition},
	author={Xu, Kai and Liu, Hao and Shi, Yan-Chao and You, Jing-Yang and Ma, Xing-Yu and Cui, Hui-Juan and Yan, Qing-Bo and Chen, Guang-Chao and Su, Gang},
	journal={Carbon},
	volume={157},
	pages={270--276},
	year={2020},
	publisher={Elsevier}
}

@book{stauss2017diamondoids,
	title={Diamondoids: Synthesis, Properties, and Applications},
	author={Stauss, Sven and Terashima, Kazuo},
	year={2017},
	publisher={CRC Press}
}

@article{wehling2014dirac,
	title={Dirac materials},
	author={Wehling, TO and Black-Schaffer, Annica M and Balatsky, Alexander V},
	journal={Advances in Physics},
	volume={63},
	number={1},
	pages={1--76},
	year={2014},
	publisher={Taylor \& Francis}
}

@article{casewit1992application,
	title={Application of a universal force field to organic molecules},
	author={Casewit, CJ and Colwell, KS and Rappe, AK},
	journal={Journal of the American chemical society},
	volume={114},
	number={25},
	pages={10035--10046},
	year={1992},
	publisher={ACS Publications}
}


---
---

@inproceedings{holdgraf_evidence_2014,
	address = {Brisbane, Australia, Australia},
	title = {Evidence for {Predictive} {Coding} in {Human} {Auditory} {Cortex}},
	booktitle = {International {Conference} on {Cognitive} {Neuroscience}},
	publisher = {Frontiers in Neuroscience},
	author = {Holdgraf, Christopher Ramsay and de Heer, Wendy and Pasley, Brian N. and Knight, Robert T.},
	year = {2014}
}

@article{holdgraf_rapid_2016,
	title = {Rapid tuning shifts in human auditory cortex enhance speech intelligibility},
	volume = {7},
	issn = {2041-1723},
	url = {http://www.nature.com/doifinder/10.1038/ncomms13654},
	doi = {10.1038/ncomms13654},
	number = {May},
	journal = {Nature Communications},
	author = {Holdgraf, Christopher Ramsay and de Heer, Wendy and Pasley, Brian N. and Rieger, Jochem W. and Crone, Nathan and Lin, Jack J. and Knight, Robert T. and Theunissen, Frédéric E.},
	year = {2016},
	pages = {13654},
	file = {Holdgraf et al. - 2016 - Rapid tuning shifts in human auditory cortex enhance speech intelligibility.pdf:C\:\\Users\\chold\\Zotero\\storage\\MDQP3JWE\\Holdgraf et al. - 2016 - Rapid tuning shifts in human auditory cortex enhance speech intelligibility.pdf:application/pdf}
}

@inproceedings{holdgraf_portable_2017,
	title = {Portable learning environments for hands-on computational instruction using container-and cloud-based technology to teach data science},
	volume = {Part F1287},
	isbn = {978-1-4503-5272-7},
	doi = {10.1145/3093338.3093370},
	abstract = {© 2017 ACM. There is an increasing interest in learning outside of the traditional classroom setting. This is especially true for topics covering computational tools and data science, as both are challenging to incorporate in the standard curriculum. These atypical learning environments offer new opportunities for teaching, particularly when it comes to combining conceptual knowledge with hands-on experience/expertise with methods and skills. Advances in cloud computing and containerized environments provide an attractive opportunity to improve the effciency and ease with which students can learn. This manuscript details recent advances towards using commonly-Available cloud computing services and advanced cyberinfrastructure support for improving the learning experience in bootcamp-style events. We cover the benets (and challenges) of using a server hosted remotely instead of relying on student laptops, discuss the technology that was used in order to make this possible, and give suggestions for how others could implement and improve upon this model for pedagogy and reproducibility.},
	booktitle = {{ACM} {International} {Conference} {Proceeding} {Series}},
	author = {Holdgraf, Christopher Ramsay and Culich, A. and Rokem, A. and Deniz, F. and Alegro, M. and Ushizima, D.},
	year = {2017},
	keywords = {Teaching, Bootcamps, Cloud computing, Data science, Docker, Pedagogy}
}

@article{holdgraf_encoding_2017,
	title = {Encoding and decoding models in cognitive electrophysiology},
	volume = {11},
	issn = {16625137},
	doi = {10.3389/fnsys.2017.00061},
	abstract = {© 2017 Holdgraf, Rieger, Micheli, Martin, Knight and Theunissen. Cognitive neuroscience has seen rapid growth in the size and complexity of data recorded from the human brain as well as in the computational tools available to analyze this data. This data explosion has resulted in an increased use of multivariate, model-based methods for asking neuroscience questions, allowing scientists to investigate multiple hypotheses with a single dataset, to use complex, time-varying stimuli, and to study the human brain under more naturalistic conditions. These tools come in the form of “Encoding” models, in which stimulus features are used to model brain activity, and “Decoding” models, in which neural features are used to generated a stimulus output. Here we review the current state of encoding and decoding models in cognitive electrophysiology and provide a practical guide toward conducting experiments and analyses in this emerging field. Our examples focus on using linear models in the study of human language and audition. We show how to calculate auditory receptive fields from natural sounds as well as how to decode neural recordings to predict speech. The paper aims to be a useful tutorial to these approaches, and a practical introduction to using machine learning and applied statistics to build models of neural activity. The data analytic approaches we discuss may also be applied to other sensory modalities, motor systems, and cognitive systems, and we cover some examples in these areas. In addition, a collection of Jupyter notebooks is publicly available as a complement to the material covered in this paper, providing code examples and tutorials for predictive modeling in python. The aimis to provide a practical understanding of predictivemodeling of human brain data and to propose best-practices in conducting these analyses.},
	journal = {Frontiers in Systems Neuroscience},
	author = {Holdgraf, Christopher Ramsay and Rieger, J.W. and Micheli, C. and Martin, S. and Knight, R.T. and Theunissen, F.E.},
	year = {2017},
	keywords = {Decoding models, Encoding models, Electrocorticography (ECoG), Electrophysiology/evoked potentials, Machine learning applied to neuroscience, Natural stimuli, Predictive modeling, Tutorials}
}

@book{ruby,
  title     = {The Ruby Programming Language},
  author    = {Flanagan, David and Matsumoto, Yukihiro},
  year      = {2008},
  publisher = {O'Reilly Media}
}
